% IMPORTANT: Latex special characters are: # $ % & \ ^ _ { } ~. To avoid mistakes when compiling the reference list try writing \ before. For: \ use \textbackslash ; for ^ \textasciitilde and ~ \textasciicircum.

% usage:
% - \parencite[prenote][postnote]{id}
% https://www.overleaf.com/learn/latex/How_to_Write_a_Thesis_in_LaTeX_(Part_4)%3A_Bibliographies_with_BibLaTeX

% @book{key,
%   author         = {},
%   title          = {},
%   edition        = {},
%   series         = {},
%   publisher      = {},
%   year           = {},
%   url            = {},
% }

% @article{key,
%   author          = {},
%   journal         = {},
%   number          = {},
%   title           = {},
%   volume          = {},
%   year            = {},
%   doi             = {},
% }

% @online{key,
%   author          = {},
%   title           = {},
%   year            = {},
%   url             = {},
%   urldate         = {},
% }

% @techreport{IEEE830-1984,
%   title       = {{IEEE Guide for Software Requirements Specifications}},
%   type        = {IEEE Std.},
%   number      = {830-1984},
%   year        = {1984},
%   institution = {Institute of Electrical and Electronics Engineers},
%   doi         = {10.1109/IEEESTD.1984.119205}
% }


@online{energy-production-consumption,
    title   = {{Energy Production and Consumption}},
    author  = {Hannah Ritchie, Pablo Rosado, and Max Roser},
    year    = {2024},
    month   = {01},
    url     = {https://ourworldindata.org/energy-production-consumption},
}

@online{Shirley2025RTW1,
   title  = {Ray Tracing in One Weekend},
   author = {Peter Shirley, Trevor David Black, Steve Hollasch},
   year   = {2025},
   month  = {04},
   url    = {https://raytracing.github.io/books/RayTracingInOneWeekend.html}
}

@article{moore:1965,
	author = {Moore, Gordon E.},
	biburl = {https://www.bibsonomy.org/bibtex/2867f7a1c71867074780e958c5cec38e4/lysander07},
	journal = {Electronics},
	month = {April},
	number = 8,
	title = {Cramming more components onto integrated circuits},
	volume = 38,
	year = 1965
}

@online{arm-story,
    title   = {The remarkable story of ARM},
    author  = {Charles Moir},
    year    = {2020},
    month   = {06},
    url     = {https://medium.com/swlh/the-remarkable-story-of-arm-85760399c38d},
}


@article{Muralidhar2020Energy,
  author       = {Rajeev Muralidhar and
                  Renata Borovica{-}Gajic and
                  Rajkumar Buyya},
  title        = {Energy Efficient Computing Systems: Architectures, Abstractions and
                  Modeling to Techniques and Standards},
  journal      = {CoRR},
  volume       = {abs/2007.09976},
  year         = {2020},
  url          = {https://arxiv.org/abs/2007.09976},
  eprinttype    = {arXiv},
  eprint       = {2007.09976},
  timestamp    = {Tue, 28 Jul 2020 14:46:12 +0200},
  biburl       = {https://dblp.org/rec/journals/corr/abs-2007-09976.bib},
  bibsource    = {dblp computer science bibliography, https://dblp.org}
}

@article{undervolting-effects,
    author = {Adam Muc and
              Tomasz Muchowski and
              Marcin Kluczyk2 and
              Adam Szeleziński},
    title = {Analysis of the Use of Undervolting to Reduce Electricity
              Consumption and Environmental Impact of Computers},
    journal = {Rocznik Ochrona Środowiska},
    year = {2020}
}

@online{intel-avx512,
    title   = {Maximize ROI and Performance for Demanding Workloads with Intel AVX-512},
    author  = {Intel},
    year    = {2024},
    month   = {06},
    url     = {https://www.intel.com/content/www/us/en/products/docs/accelerator-engines/what-is-intel-avx-512.html},
}

@article{big-little,
    author = {Padoin, Edson and Lima Pilla, Laércio and Castro, Marcio and Zanon Boito, Francieli and Navaux, Philippe and Méhaut, Jean-François},
    year = {2014},
    month = {12},
    pages = {27-35},
    title = {Performance/energy trade-off in scientific computing: The case of ARM big.LITTLE and Intel Sandy Bridge},
    volume = {9},
    journal = {IET Computers \& Digital Techniques},
    doi = {10.1049/iet-cdt.2014.0074},
}

@online{rosecrance2019garbage,
  author        = {Rosecrance, Maya},
  title         = {The garbage collector},
  url           = {https://www.youtube.com/watch?v=gPxFOMuhnUU}, 
  urldate       = {2025-06-05},
  eventtitle    = {GopherCon Israel},
  date          = {2019-02-11},
  abstract      = {A high-level overview of how the Golang garbage collector works, including a discussion of GCPercent and its impact on performance and stop-the-world pauses.},
  keywords      = {Golang, garbage collection, GopherCon},
}